
@article{snieder_extracting_????,
	title = {Extracting the building response using seismic interferometry; theory and application to the Millikan Library in},
	volume = {96},
	abstract = {The response of a building to natural or man-made shaking is largely determined by the velocity of shear waves and the attenuation of the building. The shear velocity, together with the geometry of the building,},
	pages = {586--598},
	journaltitle = {Bulletin of Seismological Society of America},
	author = {Snieder, Roel},
	file = {Citeseer - Full Text PDF:/home/diogo/.mozilla/firefox/511fexcb.default/zotero/storage/MPPGJ82M/Snieder - Extracting the building response using seismic int.pdf:application/pdf;Citeseer - Snapshot:/home/diogo/.mozilla/firefox/511fexcb.default/zotero/storage/X6DBAI8A/summary.html:text/html}
}