@article{wilson_new_1965,
	title = {A {New} {Class} of {Faults} and their {Bearing} on {Continental} {Drift}},
	volume = {207},
	copyright = {Â© 1965 Nature Publishing Group},
	issn = {0028-0836},
	url = {http://www.nature.com/nature/journal/v207/n4995/abs/207343a0.html},
	doi = {10.1038/207343a0},
	language = {en},
	number = {4995},
	urldate = {2016-11-04TZ},
	journal = {Nature},
	author = {Wilson, J. Tuzo},
	month = jul,
	year = {1965},
	pages = {343--347}
}